7a2a8c649d7d4e05349fbceb79c54c08