@Article{lawton2014positive,
  title = {Positive deviance: a different approach to achieving patient safety},
  author = {Rebecca Lawton and Natalie Taylor and Robyn Clay-Williams and Jeffrey Braithwaite},
  year = {2014},
  month = {11},
  journal = {BMJ quality \& safety},
  volume = {23},
  number = {11},
  pages = {880-3},
  eprint = {25049424},
  doi = {10.1136/bmjqs-2014-003115},
  issn = {2044-5423},
}

@Article{Haan2006-Stata,
  author = {Haan, P. and Uhlendorff, A.},
  year = {2006},
  title = {Estimation of multinomial logit models with unobserved heterogeneity using maximum simulated likelihood},
  journal = {STATA journal},
  volume = {6},
  number = {2},
  pages = {229--245},
}

@Article{Hasketh-2002-Reliable-estimate-glm-adaptive-quadrature,
  author = {Rabe-Hesketh, S. and Skrondal, A. and Pickles, A.},
  year = {2002},
  title = {Reliable estimation of generalized linear mixed models using adaptive quadrature},
  journal = {STATA journal},
  volume = {2},
  number = {1},
  pages = {1--21},
}

@InProceedings{Stein1961,
  author = {James, W. and Charles Stein},
  title = {Estimation with Quadratic Loss},
  booktitle = {Fourth Berkeley Symposium on Mathematical Statistics and Probability},
  volume = {1},
  publisher = {University of California Press},
  address = {Berkeley},
  year = {1961},
}

@Article{Shahian_2005,
  doi = {10.1016/j.athoracsur.2005.06.078},
  url = {https://doi.org/10.1016/j.athoracsur.2005.06.078},
  year = {2005},
  month = {12},
  volume = {80},
  number = {6},
  pages = {2106--2113},
  author = {David Shahian and David Torchiana and Richard Shemin and James Rawn and Sharon-Lise Normand},
  title = {Massachusetts Cardiac Surgery Report Card: Implications of Statistical Methodology},
  journal = {The Annals of Thoracic Surgery},
}

@Article{Moran_2014,
  doi = {10.1371/journal.pone.0102297},
  url = {https://doi.org/10.1371/journal.pone.0102297},
  year = {2014},
  month = {7},
  volume = {9},
  number = {7},
  pages = {e102297},
  author = {John Moran and Patricia Solomon},
  title = {Fixed Effects Modelling for Provider Mortality Outcomes: Analysis of the Australia and New Zealand Intensive Care Society ({ANZICS}) Adult Patient Data-Base},
  journal = {{PLoS} {ONE}},
}

@Article{totten2012closing,
  title = {Closing the quality gap: revisiting the state of the science (vol. 5: public reporting as a quality improvement strategy)},
  author = {Annette Totten and Jesse Wagner and Arpita Tiwari and Christen O'Haire and Jessica Griffin and Miranda Walker},
  year = {2012},
  month = {7},
  journal = {Evidence report/technology assessment},
  number = {208.5},
  pages = {1-645},
  eprint = {24422977},
  issn = {1530-4396},
}

@Article{Carman_2016,
  doi = {10.1377/hlthaff.2015.1112},
  url = {https://doi.org/10.1377/hlthaff.2015.1112},
  year = {2016},
  month = {4},
  volume = {35},
  number = {4},
  pages = {566--574},
  author = {Kristin Carman and Maureen Maurer and Rikki Mangrum and Manshu Yang and Majorie Ginsburg and S. Sofaer and M. R. Gold and E. Pathak-Sen and D. Gilmore and J. Richmond and J. Siegel},
  title = {Understanding An Informed Publics Views On The Role Of Evidence In Making Health Care Decisions},
  journal = {Health Affairs},
}

@Article{Marshall-etal-2000-public-release,
  author = {N Marshall, M and G Shekelle, P and Leatherman, Sheila and H Brook, R},
  year = {2000},
  month = {05},
  pages = {1866-74},
  title = {The Public Release of Performance Data: What Do We Expect to Gain? A Review of the Evidence},
  volume = {283},
  journal = {JAMA : the journal of the American Medical Association}
}

@Article{Dunn_1959,
  doi = {10.1214/aoms/1177706374},
  url = {https://doi.org/10.1214/aoms/1177706374},
  year = {1959},
  month = {3},
  volume = {30},
  number = {1},
  pages = {192--197},
  author = {Olive Jean Dunn},
  title = {Estimation of the Medians for Dependent Variables},
  journal = {The Annals of Mathematical Statistics},
}

@Article{McKelvey_1975,
  doi = {10.1080/0022250x.1975.9989847},
  url = {https://doi.org/10.1080/0022250x.1975.9989847},
  year = {1975},
  month = {1},
  volume = {4},
  number = {1},
  pages = {103--120},
  author = {Richard McKelvey and William Zavoina},
  title = {A statistical model for the analysis of ordinal level dependent variables},
  journal = {The Journal of Mathematical Sociology},
}

@Article{CARRUTHERS_2008,
  doi = {10.1111/j.1524-4725.2008.34366.x},
  url = {https://doi.org/10.1111/j.1524-4725.2008.34366.x},
  year = {2008},
  month = {11},
  volume = {34},
  pages = {S167--S172},
  author = {Alastair Carruthers and Jean Carruthers and Bhushan Hardas and Mandeep Kaur and Roman Goertelmeyer and Derek Jones and Berthold Rzany and Joel Cohen and Martina Kerscher and Timothy Corcoran Flynn and Corey Maas and Gerhard Sattler and Alexander Gebauer and Rainer Pooth and Kathleen Mcclure and Ulli Simone-Korbel and Larry Buchner},
  title = {A Validated Grading Scale for Marionette Lines},
  journal = {Dermatologic Surgery},
}

@Book{Collett-2003,
  author = {David Collett},
  title = {Modelling Binary Data, Second Edition},
  date = {2002-09-25},
  isbn = {9781584883241},
  publisher = {Chapman and Hall},
}

@Article{Neuhaus_2011,
  doi = {10.1002/wics.175},
  url = {https://doi.org/10.1002/wics.175},
  year = {2011},
  month = {6},
  volume = {3},
  number = {5},
  pages = {407--413},
  author = {John Neuhaus and Charles McCulloch},
  title = {Generalized linear models},
  journal = {Wiley Interdisciplinary Reviews: Computational Statistics},
}

@Book{Stata-multilevel-modelling,
  author = {Sophia Rabe-Hesketh and Anders Skrondal},
  title = {Multilevel and Longitudinal Modeling Using Stata, Second Edition},
  isbn = {978-1-59718-040-5},
  year = {2008},
  publisher = {Stata Press},
}

@Article{Dieleman_2016,
  doi = {10.1371/journal.pone.0156508},
  url = {https://doi.org/10.1371/journal.pone.0156508},
  year = {2016},
  month = {5},
  volume = {11},
  number = {5},
  author = {Joseph Dieleman and Tara Templin},
  title = {Correction: Random-Effects, Fixed-Effects and the within-between Specification for Clustered Data in Observational Health Studies: A Simulation Study},
  journal = {{PLOS} {ONE}},
}

@Misc{Bafumi-Gelman-2006,
  author = {Joseph Bafumi and Andrew Gelman},
  title = {Fitting Multilevel Models When Predictors and Group Effects Correlate},
  year = {2006},
  url = {http://www.stat.columbia.edu/~gelman/research/unpublished/Bafumi_Gelman_Midwest06.pdf},
}

@Article{Kalbfleisch_2013,
  doi = {10.1007/s12561-013-9093-x},
  url = {https://doi.org/10.1007/s12561-013-9093-x},
  year = {2013},
  month = {5},
  volume = {5},
  number = {2},
  pages = {286--302},
  author = {John Kalbfleisch and Robert Wolfe},
  title = {On Monitoring Outcomes of Medical Providers},
  journal = {Statistics in Biosciences},
}

@Article{Rajaram_2015,
  doi = {10.1001/jama.2015.8609},
  url = {https://doi.org/10.1001/jama.2015.8609},
  year = {2015},
  month = {7},
  volume = {314},
  number = {4},
  pages = {375},
  author = {Ravi Rajaram and Jeanette W. Chung and Christine V. Kinnier and Cynthia Barnard and Sanjay Mohanty and Emily S. Pavey and Megan C. McHugh and Karl Y. Bilimoria},
  title = {Hospital Characteristics Associated With Penalties in the Centers for Medicare {\&} Medicaid Services Hospital-Acquired Condition Reduction Program},
  journal = {{JAMA}},
}

@Article{mennemeyer1997death,
  title = {Death and reputation: how consumers acted upon HCFA mortality information},
  author = {S T Mennemeyer and M A Morrisey and L Z Howard},
  year = {1997},
  journal = {Inquiry : a journal of medical care organization, provision and financing},
  volume = {34},
  number = {2},
  pages = {117-28},
  eprint = {9256817},
  issn = {0046-9580},
  eprinttype = {pubmed},
}

@Article{Merle_2009,
  doi = {10.1016/j.jhin.2008.11.025},
  url = {https://doi.org/10.1016/j.jhin.2008.11.025},
  year = {2009},
  month = {3},
  volume = {71},
  number = {3},
  pages = {263--268},
  author = {V. Merle and J.-M. Germain and M.-P. Tavolacci and C. Brocard and C. Chefson and C. Cyvoct and S. Edouard and L. Guet and E. Martin and P. Czernichow},
  title = {Influence of infection control report cards on patients{\textquotesingle} choice of hospital: pilot survey},
  journal = {Journal of Hospital Infection},
}

@Article{Blake_2017,
  doi = {10.1177/1077558717699311},
  url = {https://doi.org/10.1177/1077558717699311},
  year = {2017},
  month = {3},
  author = {Robert Blake and Harold Clarke},
  title = {Hospital Compare and Hospital Choice},
  journal = {Medical Care Research and Review},
}

@Article{chen2012public,
  title = {Public reporting on risk-adjusted mortality after percutaneous coronary interventions in New York State: forecasting ability and impact on market share and physicians' decisions to discontinue practice},
  author = {Lena M Chen and E John Orav and Arnold M Epstein},
  year = {2012},
  month = {1},
  journal = {Circulation. Cardiovascular quality and outcomes},
  volume = {5},
  number = {1},
  pages = {70-5},
  eprint = {22235066},
  doi = {10.1161/CIRCOUTCOMES.111.962761},
  issn = {1941-7705},
  eprinttype = {pubmed},
}

@Article{Pope_2009,
  doi = {10.1016/j.jhealeco.2009.08.006},
  url = {https://doi.org/10.1016/j.jhealeco.2009.08.006},
  year = {2009},
  month = {12},
  volume = {28},
  number = {6},
  pages = {1154--1165},
  author = {Devin Pope},
  title = {Reacting to rankings: Evidence from {\textquotedblleft}America{\textquotesingle}s Best Hospitals{\textquotedblright}},
  journal = {Journal of Health Economics},
}

@Article{Vladeck_1988,
  doi = {10.1377/hlthaff.7.1.122},
  url = {https://doi.org/10.1377/hlthaff.7.1.122},
  year = {1988},
  month = {2},
  volume = {7},
  number = {1},
  pages = {122--125},
  author = {Bruce Vladeck and Emily Goodwin and Lois Myers and Madeline Sinisi},
  title = {Consumers and hospital use: the {HCFA} {"}death list{"}},
  journal = {Health Affairs},
}

@Article{Mukamel_2004,
  doi = {10.5034/inquiryjrnl_41.4.435},
  url = {https://doi.org/10.5034/inquiryjrnl_41.4.435},
  year = {2004},
  month = {11},
  volume = {41},
  number = {4},
  pages = {435--446},
  author = {Dana Mukamel and David Weimer and Jack Zwanziger and Shih-Fang Huang Gorthy and Alvin Mushlin},
  title = {Quality Report Cards, Selection of Cardiac Surgeons, and Racial Disparities: A Study of the Publication of the New York State Cardiac Surgery Reports},
  journal = {{INQUIRY}: The Journal of Health Care Organization, Provision, and Financing},
}

@Book{Levay_2016,
  doi = {10.1093/oxfordhb/9780198705109.013.12},
  url = {https://doi.org/10.1093/oxfordhb/9780198705109.013.12},
  year = {2016},
  month = {6},
  author = {Charlotta Levay},
  editor = {Ewan Ferlie and Kathleen Montgomery and Anne Reff Pedersen},
  title = {Health Care Transparency in Organizational Perspective},
}

@Article{Chassin_2002,
  doi = {10.1377/hlthaff.21.4.40},
  url = {https://doi.org/10.1377/hlthaff.21.4.40},
  year = {2002},
  month = {7},
  volume = {21},
  number = {4},
  pages = {40--51},
  author = {Mark Chassin},
  title = {Achieving And Sustaining Improved Quality: Lessons From New York State And Cardiac Surgery},
  journal = {Health Affairs},
}

@Article{Mukamel_2014,
  doi = {10.1146/annurev-publhealth-082313-115826},
  url = {https://doi.org/10.1146/annurev-publhealth-082313-115826},
  year = {2014},
  month = {3},
  volume = {35},
  number = {1},
  pages = {477--497},
  author = {Dana Mukamel and Simon Haeder and David Weimer},
  title = {Top-Down and Bottom-Up Approaches to Health Care Quality: The Impacts of Regulation and Report Cards},
  journal = {Annual Review of Public Health},
}

@Article{Mukamel_2002,
  doi = {10.1186/1472-6963-2-10},
  url = {https://doi.org/10.1186/1472-6963-2-10},
  year = {2002},
  month = {5},
  volume = {2},
  number = {1},
  author = {Dana Mukamel and Jack Zwanziger and Anil Bamezai},
  title = {Hospital competition, resource allocation and quality of care},
  journal = {{BMC} Health Services Research},
}

@Article{Chandra_2016,
  doi = {10.1257/aer.20151080},
  url = {https://doi.org/10.1257/aer.20151080},
  year = {2016},
  month = {8},
  volume = {106},
  number = {8},
  pages = {2110--2144},
  author = {Amitabh Chandra and Amy Finkelstein and Adam Sacarny and Chad Syverson},
  title = {Health Care Exceptionalism? Performance and Allocation in the {US} Health Care Sector},
  journal = {American Economic Review},
}

@Article{Tsai_2015,
  doi = {10.1377/hlthaff.2014.1282},
  url = {https://doi.org/10.1377/hlthaff.2014.1282},
  year = {2015},
  month = {8},
  volume = {34},
  number = {8},
  pages = {1304--1311},
  author = {Thomas Tsai and Ashish Jha and Atul Gawande and Robert Huckman and Nicholas Bloom and Raffaella Sadun},
  title = {Hospital Board And Management Practices Are Strongly Related To Hospital Performance On Clinical Quality Metrics},
  journal = {Health Affairs},
}

@Article{fung2008systematic,
  title = {Systematic review: the evidence that publishing patient care performance data improves quality of care},
  author = {Constance Fung and Yee-Wei Lim and Soeren Mattke and Cheryl Damberg and Paul Shekelle},
  year = {2008},
  month = {1},
  journal = {Annals of internal medicine},
  volume = {148},
  number = {2},
  pages = {111-23},
  issn = {1539-3704},
}

@Article{Weller_2010,
  doi = {10.1016/j.ijcard.2008.11.003},
  url = {https://doi.org/10.1016/j.ijcard.2008.11.003},
  year = {2010},
  month = {4},
  volume = {140},
  number = {1},
  pages = {95--101},
  author = {Wendy E. Weller and Garima Kabra and Kimberly S. Cozzens and Edward L. Hannan},
  title = {Appending limited clinical data to an administrative database for assessing institutional quality outliers for {AMI} care: Does it matter?},
  journal = {International Journal of Cardiology},
}

@Article{Jha_2010,
  doi = {10.1136/qshc.2008.029165},
  url = {https://doi.org/10.1136/qshc.2008.029165},
  year = {2010},
  month = {2},
  volume = {19},
  number = {1},
  pages = {42--47},
  author = {Ashish Jha and N Prasopa-Plaizier and I Larizgoitia and D W Bates},
  title = {Patient safety research: an overview of the global evidence},
  journal = {Quality and Safety in Health Care},
}

@Article{Hibbard_2005,
  doi = {10.1377/hlthaff.24.4.1150},
  url = {https://doi.org/10.1377/hlthaff.24.4.1150},
  year = {2005},
  month = {7},
  volume = {24},
  number = {4},
  pages = {1150--1160},
  author = {Judith Hibbard and Jean Stockard and Martin Tusler},
  title = {Hospital Performance Reports: Impact On Quality, Market Share, And Reputation},
  journal = {Health Affairs},
}

@Article{Findlay_2016,
  doi = {10.1377/hlthaff.2015.1654},
  url = {https://doi.org/10.1377/hlthaff.2015.1654},
  year = {2016},
  month = {4},
  volume = {35},
  number = {4},
  pages = {688--696},
  author = {Stephen Findlay},
  title = {Consumers Interest In Provider Ratings Grows, And Improved Report Cards And Other Steps Could Accelerate Their Use},
  journal = {Health Affairs},
}

@Article{Baxterbmjqs-2015-004386,
  author = {Baxter, Ruth and Taylor, Natalie and Kellar, Ian and Lawton, Rebecca},
  title = {What methods are used to apply positive deviance within healthcare organisations? A systematic review},
  year = {2015},
  doi = {10.1136/bmjqs-2015-004386},
  issn = {2044-5415},
  URL = {http://qualitysafety.bmj.com/content/early/2015/11/20/bmjqs-2015-004386},
  eprint = {http://qualitysafety.bmj.com/content/early/2015/11/20/bmjqs-2015-004386.full.pdf},
  journal = {BMJ Quality \& Safety}
}


@Misc{Florence-1999,
  author = {D Neuhauser},
  title = {Florence Nightingale: Measuring Hospital Care Outcomes},
  year = {1999},
}

@Book{NAP-2000-Err-is-human,
  author      = {{Institute of Medicine}},
  editor      = {Linda Kohn and Janet Corrigan and Molla Donaldson},
  title       = {To Err Is Human: Building a Safer Health System},
  isbn        = {978-0-309-26174-6},
  doi         = {10.17226/9728},
  url         = {https://www.nap.edu/catalog/9728/to-err-is-human-building-a-safer-health-system},
  year        = {2000},
  publisher   = {The National Academies Press},
  address     = {Washington, DC},
}


@Article{Shojania_2016,
  doi         = {10.1136/bmjqs-2016-006144},
  url         = {https://doi.org/10.1136/bmjqs-2016-006144},
  year        = {2016},
  month       = {10},
  pages       = {bmjqs--2016--006144},
  author      = {Kaveh Shojania and Mary Dixon-Woods},
  title       = {Estimating deaths due to medical error: the ongoing controversy and why it matters: Table~1},
  journal     = {{BMJ} Quality {\&} Safety},
}

@Article{McWhirter_2017,
  doi         = {10.5694/mja16.01195},
  url         = {https://doi.org/10.5694/mja16.01195},
  year        = {2017},
  month       = {8},
  volume      = {207},
  number      = {3},
  pages       = {100--101},
  author      = {Rebekah McWhirter},
  title       = {Performance data and informed consent: a duty to disclose?},
  journal     = {The Medical Journal of Australia},
}

@Article{Mendelson_2017,
  doi         = {10.7326/m16-1881},
  url         = {https://doi.org/10.7326/m16-1881},
  year        = {2017},
  month       = {1},
  volume      = {166},
  number      = {5},
  pages       = {341},
  author      = {Aaron Mendelson and Karli Kondo and Cheryl Damberg and Allison Low and Makalapua Mot{\a'u}apuaka and Michele Freeman and Maya O'Neil and Rose Relevo and Devan Kansagara},
  title       = {The Effects of Pay-for-Performance Programs on Health, Health Care Use, and Processes of Care},
  journal     = {Annals of Internal Medicine},
}

@Article{Ivers_2012,
  doi         = {10.1002/14651858.cd000259.pub3},
  url         = {https://doi.org/10.1002/14651858.cd000259.pub3},
  year        = {2012},
  month       = {6},
  author      = {Noah Ivers and Gro Jamtvedt and Signe Flottorp and Jane Young and Jan Odgaard-Jensen and Simon French and Mary Ann O'Brien and Marit Johansen and Jeremy Grimshaw and Andrew Oxman},
  title       = {Audit and feedback: effects on professional practice and healthcare outcomes},
  journal     = {Cochrane Database of Systematic Reviews},
}

@Article{Wakefield_2009,
  doi         = {10.1071/ah090382},
  url         = {https://doi.org/10.1071/ah090382},
  year        = {2009},
  volume      = {33},
  number      = {3},
  pages       = {382},
  author      = {John Wakefield and Christine Jorm},
  title       = {Patient safety -- a balanced measurement framework},
  journal     = {Australian Health Review},
}

@Article{Nicolay_2011,
  doi         = {10.1002/bjs.7803},
  url         = {https://doi.org/10.1002/bjs.7803},
  year        = {2011},
  month       = {11},
  volume      = {99},
  number      = {3},
  pages       = {324--335},
  author      = {C. Nicolay and S. Purkayastha and A. Greenhalgh and J. Benn and S. Chaturvedi and N. Phillips and A. Darzi},
  title       = {Systematic review of the application of quality improvement methodologies from the manufacturing industry to surgical healthcare},
  journal     = {British Journal of Surgery},
}

@InProceedings{Rankin-2017-Outcome-measurement-in-private-hospital,
  author      = {Rankin, D. and Bailey, N. and McPherson, C. and Sleeman, L.},
  year        = {2017},
  title       = {Outcome Measurement in the Private Hospital Setting},
  booktitle   = {ACHSM/ACHS Asia-Pacific health leadership congress},
  address     = {Sydney},
}

@Article{Greenhalgh_2017,
  doi         = {10.1177/1355819617740925},
  url         = {https://doi.org/10.1177/1355819617740925},
  year        = {2017},
  month       = {12},
  volume      = {23},
  number      = {1},
  pages       = {57--65},
  author      = {Joanne Greenhalgh and Sonia Dalkin and Elizabeth Gibbons and Judy Wright and Jose Maria Valderas and David Meads and Nick Black},
  title       = {How do aggregated patient-reported outcome measures data stimulate health care improvement? A realist synthesis},
  journal     = {Journal of Health Services Research {\&} Policy},
}

@Article{Sullivan_2016,
  doi         = {10.5694/mja16.00476},
  url         = {https://doi.org/10.5694/mja16.00476},
  year        = {2016},
  month       = {11},
  volume      = {205},
  number      = {9},
  pages       = {386--389},
  author      = {Clair Sullivan and Andrew Staib and Stephen Ayre and Michael Daly and Renea Collins and Michael Draheim and Richard Ashby},
  title       = {Pioneering digital disruption: Australia's first integrated digital tertiary hospital},
  journal     = {The Medical Journal of Australia},
}

@Article{Jones_2016,
  doi         = {10.1016/s1553-7250(16)42025-8},
  url         = {https://doi.org/10.1016/s1553-7250(16)42025-8},
  year        = {2016},
  month       = {5},
  volume      = {42},
  number      = {5},
  pages       = {196--AP10},
  author      = {Emma Jones and Nicholas Lees and Graham Martin and Mary Dixon-Woods},
  title       = {How Well Is Quality Improvement Described in the Perioperative Care Literature? A Systematic Review},
  journal     = {The Joint Commission Journal on Quality and Patient Safety},
}

@Article{Berwick_2008,
  doi         = {10.1377/hlthaff.27.3.759},
  url         = {https://doi.org/10.1377/hlthaff.27.3.759},
  year        = {2008},
  month       = {5},
  volume      = {27},
  number      = {3},
  pages       = {759--769},
  author      = {Donald Berwick and Thomas Nolan and John Whittington},
  title       = {The Triple Aim: Care, Health, And Cost},
  journal     = {Health Affairs},
}

@Article{Levesquee014825,
  author      = {Levesque, Jean-Frederic and Sutherland, Kim},
  title       = {What role does performance information play in securing improvement in healthcare? a conceptual framework for levers of change},
  volume      = {7},
  number      = {8},
  year        = {2017},
  doi         = {10.1136/bmjopen-2016-014825},
  issn        = {2044-6055},
  url         = {http://bmjopen.bmj.com/content/7/8/e014825},
  eprint      = {http://bmjopen.bmj.com/content/7/8/e014825.full.pdf},
  journal     = {BMJ Open},
}
@TechReport{OECD-2017-Health-at-a-glance,
  author      = {OECD},
  date        = {2017-11-10},
  title       = {Health at a Glance 2017},
  institution = {Organisation for Economic Co-operation and Development},
  url         = {https://www.oecd.org/health/health-systems/health-at-a-glance-19991312.htm},
}

@Article{berndorfer2017automated,
  title       = {Automated Diagnosis Coding with Combined Text Representations},
  author      = {Stefan Berndorfer and Aron Henriksson},
  year        = {2017},
  journal     = {Studies in health technology and informatics},
  volume      = {235},
  pages       = {201-205},
  eprint      = {28423783},
  issn        = {0926-9630},
}

@Article{Scheurwegs_2017,
  doi         = {10.1016/j.jbi.2017.04.007},
  url         = {https://doi.org/10.1016/j.jbi.2017.04.007},
  year        = {2017},
  month       = {5},
  volume      = {69},
  pages       = {118--127},
  author      = {Elyne Scheurwegs and Kim Luyckx and L{\a'e}on Luyten and Bart Goethals and Walter Daelemans},
  title       = {Assigning clinical codes with data-driven concept representation on Dutch clinical free text},
  journal     = {Journal of Biomedical Informatics},
}

@Article{Stanfill_2010,
  doi         = {10.1136/jamia.2009.001024},
  url         = {https://doi.org/10.1136/jamia.2009.001024},
  year        = {2010},
  month       = {11},
  volume      = {17},
  number      = {6},
  pages       = {646--651},
  author      = {Mary Stanfill and Margaret Williams and Susan Fenton and Robert Jenders and William Hersh},
  title       = {A systematic literature review of automated clinical coding and classification systems},
  journal     = {Journal of the American Medical Informatics Association},
}

@Article{Gillam_2012,
  doi         = {10.1370/afm.1377},
  url         = {https://doi.org/10.1370/afm.1377},
  year        = {2012},
  month       = {9},
  volume      = {10},
  number      = {5},
  pages       = {461--468},
  author      = {Stephen Gillam and Niro Siriwardena and Nicholas Steel},
  title       = {Pay-for-Performance in the United Kingdom: Impact of the Quality and Outcomes Framework--A Systematic Review},
  journal     = {The Annals of Family Medicine},
}

@Article{Duckett-2017-theConvo-Cutting-funding-unlikely-to-change-patient-care,
  author      = {Stephen Duckett},
  title       = {Cutting funding for hospital complications is unlikely to change patient care -- here's why},
  date        = {2017-12-14},
  journal     = {The Conversation},
  url         = {https://theconversation.com/cutting-funding-for-hospital-complications-is-unlikely-to-change-patient-care-heres-why-88945},
}

@Article{Berman_1998,
  doi         = {10.1016/s1070-3241(16)30393-5},
  url         = {https://doi.org/10.1016/s1070-3241(16)30393-5},
  year        = {1998},
  month       = {8},
  volume      = {24},
  number      = {8},
  pages       = {426--434},
  author      = {Steven Berman},
  title       = {Identifying and Addressing Sentinel Events: An Interview with Richard Croteau},
  journal     = {The Joint Commission Journal on Quality Improvement},
}

@InBook{Kizer-Stegun-2005,
  author      = {Kenneth Kizer and Melissa Stegun},
  title       = {Serious Reportable Adverse Events in Health Care},
  booktitle   = {Advances in Patient Safety: From Research to Implementation},
  volume      = {4},
  year        = {2005},
  url         = {https://www.ncbi.nlm.nih.gov/books/NBK20598/},
}

@Article{Leape_2002,
  doi         = {10.1056/nejmnejmhpr011493},
  url         = {https://doi.org/10.1056/nejmnejmhpr011493},
  year        = {2002},
  month       = {11},
  volume      = {347},
  number      = {20},
  pages       = {1633--1638},
  author      = {Lucian Leape},
  title       = {Reporting of Adverse Events},
  journal     = {New England Journal of Medicine},
}

@Article{Henderson_2006,
  doi         = {10.1097/01.mlr.0000228018.48783.34},
  url         = {https://doi.org/10.1097/01.mlr.0000228018.48783.34},
  year        = {2006},
  month       = {11},
  volume      = {44},
  number      = {11},
  pages       = {1011--1019},
  author      = {Toni Henderson and Jennie Shepheard and Vijaya Sundararajan},
  title       = {Quality of Diagnosis and Procedure Coding in {ICD}-10 Administrative Data},
  journal     = {Medical Care},
}

@Article{Elwyn_2008,
  doi         = {10.1186/1748-5908-3-57},
  url         = {https://doi.org/10.1186/1748-5908-3-57},
  year        = {2008},
  month       = {12},
  volume      = {3},
  number      = {1},
  author      = {Glyn Elwyn and France Légaré and Trudy van der Weijden and Adrian Edwards and Carl May},
  title       = {Arduous implementation: Does the Normalisation Process Model explain why it's so difficult to embed decision support technologies for patients in routine clinical practice},
  journal     = {Implementation Science},
}

@Article{Agoritsas_2015,
  doi         = {10.1136/bmj.g7624},
  url         = {https://doi.org/10.1136/bmj.g7624},
  year        = {2015},
  month       = {2},
  volume      = {350},
  number      = {feb10 14},
  pages       = {g7624--g7624},
  author      = {Thomas Agoritsas and Anja Heen and Linn Brandt and Pablo Alonso-Coello and Annette Kristiansen and Elie Akl and Ignacio Neumann and Kari Tikkinen and Trudy van der Weijden and Glyn Elwyn and Victor Montori and Gordon Guyatt and Per Vandvik},
  title       = {Decision aids that really promote shared decision making: the pace quickens},
  journal     = {{BMJ}},
}

@Article{Brown_2015,
  doi         = {10.1177/0272989x15579172},
  url         = {https://doi.org/10.1177/0272989x15579172},
  year        = {2015},
  month       = {5},
  volume      = {35},
  number      = {4},
  pages       = {419--435},
  author      = {James Brown and Kerry Joyce and Dawn Stacey and Richard G. Thomson},
  title       = {Patients or Volunteers? The Impact of Motivation for Trial Participation on the Efficacy of Patient Decision Aids: A Secondary Analysis of a Cochrane Systematic Review},
  journal     = {Medical Decision Making},
}

@Article{Stacey_2017,
  doi         = {10.1002/14651858.cd001431.pub5},
  url         = {https://doi.org/10.1002/14651858.cd001431.pub5},
  year        = {2017},
  month       = {4},
  author      = {Dawn Stacey and France Légaré and Krystina Lewis and Michael Barry and Carol Bennett and Karen Eden and Margaret Holmes-Rovner and Hilary Llewellyn-Thomas and Anne Lyddiatt and Richard Thomson and Lyndal Trevena},
  title       = {Decision aids for people facing health treatment or screening decisions},
  journal     = {Cochrane Database of Systematic Reviews},
}

@Article{Waring_2015,
  doi         = {10.1111/1467-9566.12391},
  url         = {https://doi.org/10.1111/1467-9566.12391},
  year        = {2015},
  month       = {12},
  volume      = {38},
  number      = {2},
  pages       = {198--215},
  author      = {Justin Waring and Davina Allen and Jeffrey Braithwaite and Jane Sandall},
  title       = {Healthcare quality and safety: a review of policy, practice and research},
  journal     = {Sociology of Health {\&} Illness},
}

@Article{Runciman_2009,
  doi         = {10.1093/intqhc/mzn057},
  url         = {https://doi.org/10.1093/intqhc/mzn057},
  year        = {2009},
  month       = {2},
  volume      = {21},
  number      = {1},
  pages       = {18--26},
  author      = {William Runciman and Peter Hibbert and Richard Thomson and Tjerk Van Der Schaaf and Heather Sherman and Pierre Lewalle},
  title       = {Towards an International Classification for Patient Safety: key concepts and terms},
  journal     = {International Journal for Quality in Health Care},
}


@TechReport{Alderwick-etal-2017-Making-case-for-quality-improvement-lessons-for-NHS-boards,
  author      = {Hugh Alderwick and Anna Charles and Bryan Jones and Will Warburton},
  title       = {Making the case for quality improvement: lessons for NHS boards and leaders},
  date        = {2017-10-11},
  institution = {Kings Fund and The Health Foundation},
  url         = {https://www.kingsfund.org.uk/publications/making-case-quality-improvement},
}

@TechReport{Timmins-2017-Tackling-variations-in-clinical-care,
  author      = {Nicholas Timmins},
  title       = {Tackling variations in clinical care: assessing the Getting It Right First Time (GIRFT) programme},
  date        = {2017-06-28},
  institution = {Kings Fund and The Health Foundation},
  url         = {https://www.kingsfund.org.uk/publications/tackling-variations-clinical-care},
}

@Article{alexander2017risks,
  title       = {Risks of using medical record and administrative data for prognostic models},
  author      = {Marliese Alexander and Sue M Evans and Rory Wolfe and David L Ball and Kate Burbury},
  year        = {2017},
  month       = {8},
  journal     = {The Medical journal of Australia},
  volume      = {207},
  number      = {3},
  pages       = {126},
  eprint      = {28764629},
  issn        = {1326-5377},
  eprinttype  = {pubmed},
}

@TechReport{AIHW-hospital-2014-15,
  author       = {AIHW},
  title        = {Admitted patient care 2014–15: Australian hospital statistics},
  date         = {2016-03-16},
  institution  = {Australian Institute of Health and Welfare},
  url          = {http://www.aihw.gov.au/publication-detail/?id=60129554702&tab=3},
}


@TechReport{AIHW-2017-Admitted-patient-care-2015-16-Aust-hosp-stats,
  author      = {Katrina Burgess and Lindsay Christian and Jane McIntyre and Tony Mole},
  institution = {Australian Institute of Health and Welfare},
  title       = {Admitted patient care 2015-16: Australian hospital statistics},
  date        = {2017-05-17},
  url         = {https://www.aihw.gov.au/reports/hospitals/ahs-2015-16-admitted-patient-care/contents/table-of-contents},
}

@Article{baines2015effective,
  title       = {How effective are patient safety initiatives? A retrospective patient record review study of changes to patient safety over time},
  author      = {Rebecca Baines and Maaike Langelaan and Martine de Bruijne and Peter Spreeuwenberg and Cordula Wagner},
  year        = {2015},
  month       = {9},
  journal     = {BMJ quality \& safety},
  volume      = {24},
  number      = {9},
  pages       = {561-71},
  eprint      = {26150548},
  doi         = {10.1136/bmjqs-2014-003702},
  issn        = {2044-5423},
  eprinttype  = {pubmed},
}

@Article{barker2011pack,
  title       = {The 6-PACK programme to decrease fall-related injuries in acute hospitals: protocol for a cluster randomised controlled trial},
  author      = {Anna Barker and Caroline Brand and Terry Haines and Keith Hill and Sandy Brauer and Damien Jolley and Mari Botti and Robert Cumming and Patricia M Livingston and Cathie Sherrington and Silva Zavarsek and Renata Morello and Jeannette Kamar},
  year        = {2011},
  month       = {8},
  journal     = {Injury prevention: journal of the International Society for Child and Adolescent Injury Prevention},
  volume      = {17},
  number      = {4},
  pages       = {e5},
  eprint      = {21653650},
  doi         = {10.1136/injuryprev-2011-040074},
  issn        = {1475-5785},
}

@Article{behrendt2016mechanisms,
  title       = {Mechanisms and effects of public reporting of surgeon outcomes: A systematic review of the literature},
  author      = {Katja Behrendt and Oliver Groene},
  year        = {2016},
  month       = {10},
  journal     = {Health policy (Amsterdam, Netherlands)},
  volume      = {120},
  number      = {10},
  pages       = {1151-1161},
  eprint      = {27638232},
  doi         = {10.1016/j.healthpol.2016.08.003},
  issn        = {1872-6054},
}

@Article{Besnard2014,
  author      = {Besnard, Denis and Hollnagel, Erik},
  title       = {I want to believe: some myths about the management of industrial safety},
  journal     = {Cognition, Technology {\&} Work},
  date        = {2014-02-01},
  volume      = {16},
  number      = {1},
  pages       = {13--23},
}

@Article{boss2016shared,
  title       = {Shared Decision Making and Choice for Elective Surgical Care: A Systematic Review},
  author      = {Emily Boss and Nishchay Mehta and Neeraja Nagarajan and Anne Links and James Benke and Zackary Berger and Ali Espinel and Jeremy Meier and Ellen Lipstein},
  year        = {2016},
  month       = {3},
  journal     = {Otolaryngology--head and neck surgery : official journal of American Academy of Otolaryngology-Head and Neck Surgery},
  volume      = {154},
  number      = {3},
  pages       = {405-20},
  eprint      = {26645531},
  doi         = {10.1177/0194599815620558},
  issn        = {1097-6817},
}

@Article{Cook-Nemeth-2010-Those-found-responsible-have-been-sacked,
  author      = {Cook, Richard I. and Nemeth, Christopher P.},
  title       = {``Those found responsible have been sacked'': some observations on the usefulness of error},
  journal     = {Cognition, Technology {\&} Work},
  date        = {2010-06-01},
  volume      = {12},
  number      = {2},
  pages       = {87--93},
  issn        = {1435-5566},
  doi         = {10.1007/s10111-010-0149-0},
  url         = {https://doi.org/10.1007/s10111-010-0149-0},
}

@Article{copnell2009measuring,
  title       = {Measuring the quality of hospital care: an inventory of indicators},
  author      = {Beverley Copnell and V Hagger and S G Wilson and S M Evans and P C Sprivulis and P A Cameron},
  year        = {2009},
  month       = {6},
  journal     = {Internal medicine journal},
  volume      = {39},
  number      = {6},
  pages       = {352-60},
  eprint      = {19323697},
  doi         = {10.1111/j.1445-5994.2009.01961.x},
  issn        = {1445-5994},
}

@TechReport{COAG-2017-ScheduleI-Revised-public-hospital-arrangements,
  author      = {COAG},
  institution = {Council of Australian Governments},
  title       = {Schedule I -- Addendum to the National Health Reform Agreement: Revised Public Hospital Arrangements},
  year        = {2017},
  url         = {http://www.federalfinancialrelations.gov.au/content/npa/health/other/Addendum_to_the_National_Health_Reform.pdf},
}

@Article{Cunninghambmjqs-2011-000187,
  author      = {Cunningham, Frances C and Ranmuthugala, Geetha and Plumb, Jennifer and Georgiou, Andrew and Westbrook, Johanna I and Braithwaite, Jeffrey},
  title       = {Health professional networks as a vector for improving healthcare quality and safety: a systematic review},
  year        = {2011},
  doi         = {10.1136/bmjqs-2011-000187},
  issn        = {2044-5415},
  url         = {http://qualitysafety.bmj.com/content/early/2011/11/30/bmjqs-2011-000187},
  eprint      = {http://qualitysafety.bmj.com/content/early/2011/11/30/bmjqs-2011-000187.full.pdf},
  journal     = {BMJ Quality \& Safety},
}

@Article{damschroder2014effects,
  title       = {Effects of performance measure implementation on clinical manager and provider motivation},
  author      = {Laura J Damschroder and Claire H Robinson and Joseph Francis and Douglas R Bentley and Sarah L Krein and Ann-Marie Rosland and Timothy P Hofer and Eve A Kerr},
  year        = {2014},
  month       = {12},
  journal     = {Journal of general internal medicine},
  volume      = {29 Suppl 4},
  pages       = {877-84},
  eprint      = {25234554},
  doi         = {10.1007/s11606-014-3020-9},
  issn        = {1525-1497},
}

@Article{dealey2015challenges,
  title       = {Challenges in pressure ulcer prevention},
  author      = {Carol Dealey and C Tod Brindle and Joyce Black and Paulo Alves and Nick Santamaria and Evan Call and Michael Clark},
  year        = {2015},
  month       = {6},
  journal     = {International wound journal},
  volume      = {12},
  number      = {3},
  pages       = {309-12},
  eprint      = {23786251},
  doi         = {10.1111/iwj.12107},
  issn        = {1742-481X},
}

@Article{DEKKER2014348,
  title       = {The bureaucratization of safety},
  journal     = {Safety Science},
  volume      = {70},
  number      = {Supplement C},
  pages       = {348 - 357},
  year        = {2014},
  issn        = {0925-7535},
  doi         = {https://doi.org/10.1016/j.ssci.2014.07.015},
  url         = {http://www.sciencedirect.com/science/article/pii/S092575351400174X},
  author      = {Sidney W.A. Dekker},
  keywords    = {Bureaucratic accountability, Responsibility, Ethics, Safety, Modernism, Vision zero},
}

@Article{Dixon-Woods-Martin-2016-Does-QI-improve-quality,
  author      = {Mary Dixon-Woods and Graham Martin},
  title       = {Does quality improvement improve quality?},
  url         = {http://futurehospital.rcpjournal.org/content/3/3/191.full},
  doi         = {10.7861/futurehosp.3-3-191},
  journal     = {Future Healthcare Journal},
  date        = {2016-10-01},
  volume      = {3},
  number      = {3},
}

@Article{dixonwoods2012challenges,
  title       = {Ten challenges in improving quality in healthcare: lessons from the Health Foundation's programme evaluations and relevant literature},
  author      = {Mary Dixon-Woods and Sarah McNicol and Graham Martin},
  year        = {2012},
  month       = {10},
  journal     = {BMJ quality \& safety},
  volume      = {21},
  number      = {10},
  pages       = {876-84},
  eprint      = {22543475},
  doi         = {10.1136/bmjqs-2011-000760},
  issn        = {2044-5423},
}

@Article{dixonwoods2016patient,
  title       = {Patient safety and the problem of many hands},
  author      = {Mary Dixon-Woods and Peter Pronovost},
  year        = {2016},
  month       = {7},
  journal     = {BMJ quality \& safety},
  volume      = {25},
  number      = {7},
  pages       = {485-8},
  eprint      = {26912578},
  doi         = {10.1136/bmjqs-2016-005232},
  issn        = {2044-5423},
}

@TechReport{DuckettEtAl-2015-Questionable-care,
  author      = {Stephen Duckett and Peter Breadon and Danielle Romanes and Paul Fennessy and Jonathan Nolan},
  title       = {Questionable care: Avoiding ineffective treatment},
  date        = {2015-08-15},
  institution = {Grattan Institute},
  number      = {2015-7},
  url         = {https://grattan.edu.au/report/questionable-care-avoiding-ineffective-treatment/},
}

@Article{Duckett-Ward-2008-Robust-performance-benchmarks,
  doi         = {10.1186/1743-8462-5-1},
  url         = {https://doi.org/10.1186/1743-8462-5-1},
  year        = {2008},
  volume      = {5},
  number      = {1},
  pages       = {1},
  author      = {Stephen Duckett and Michael Ward},
  title       = {Developing {\textquotesingle}robust performance benchmarks{\textquotesingle} for the next Australian Health Care Agreement: the need for a new framework},
  journal     = {Australia and New Zealand Health Policy},
}

@Article{duckett2007identifying,
  title       = {Identifying variations in quality of care in Queensland hospitals},
  author      = {Stephen Duckett and Michael Coory and Kirstine Sketcher-Baker},
  year        = {2007},
  month       = {11},
  journal     = {The Medical journal of Australia},
  volume      = {187},
  number      = {10},
  pages       = {571-5},
  eprint      = {18021046},
  issn        = {0025-729X},
}

@TechReport{DuckettEtAl-2017-Strengthening-safety-statistics,
  author      = {Stephen Duckett and Christine Jorm and Lucille Danks},
  title       = {Strengthening safety statistics: how to make hospital safety data more useful},
  shorttitle  = {Strengthening safety statistics},
  date        = {2017-11-07},
  institution = {Grattan Institute},
  number      = {2017-11},
  url         = {https://grattan.edu.au/report/strengthening-safety-statistics/},
}

@Article{findlay2016consumers,
  title       = {Consumers' Interest In Provider Ratings Grows, And Improved Report Cards And Other Steps Could Accelerate Their Use},
  author      = {Steven Findlay},
  year        = {2016},
  month       = {4},
  journal     = {Health affairs (Project Hope)},
  volume      = {35},
  number      = {4},
  pages       = {688-96},
  eprint      = {27044970},
  doi         = {10.1377/hlthaff.2015.1654},
  issn        = {1544-5208},
}

@Article{frlich2007behavioral,
  title       = {A behavioral model of clinician responses to incentives to improve quality},
  author      = {Anne Fr{\o}lich and Jason A Talavera and Peter Broadhead and R Adams Dudley},
  year        = {2007},
  month       = {1},
  journal     = {Health policy (Amsterdam, Netherlands)},
  volume      = {80},
  number      = {1},
  pages       = {179-93},
  eprint      = {16624440},
  doi         = {10.1016/j.healthpol.2006.03.001},
  issn        = {0168-8510},
}

@TechReport{Fulop-Robert-2015-Context-for-successful-quality-improvement,
  author      = {Naomi Fulop and Glenn Robert},
  date        = {2015-10-01},
  title       = {Context for successful quality improvement},
  url         = {http://www.health.org.uk/publication/context-successful-quality-improvement},
  institution = {The Health Foundation},
}

@Article{grassi2015management,
  title       = {Management of delirium in palliative care: a review},
  author      = {Luigi Grassi and Augusto Caraceni and Alex J Mitchell and Maria Giulia Nanni and Maria Alejandra Berardi and Rosangela Caruso and Michelle Riba},
  year        = {2015},
  month       = {3},
  journal     = {Current psychiatry reports},
  volume      = {17},
  number      = {3},
  pages       = {550},
  eprint      = {25663153},
  doi         = {10.1007/s11920-015-0550-8},
  issn        = {1535-1645},
}

@Article{hannan2016appending,
  title       = {Appending Limited Clinical Data to an Administrative Database for Acute Myocardial Infarction Patients: The Impact on the Assessment of Hospital Quality},
  author      = {Edward L Hannan and Zaza Samadashvili and Kimberly Cozzens and Alice K Jacobs and Ferdinand J Venditti and David R Holmes and Peter B Berger and Nicholas J Stamato and Suzanne Hughes and Gary Walford},
  year        = {2016},
  month       = {5},
  journal     = {Medical care},
  volume      = {54},
  number      = {5},
  pages       = {538-45},
  eprint      = {27078825},
  doi         = {10.1097/MLR.0000000000000520},
  issn        = {1537-1948},
}

@Article{hayward2001estimating,
  title       = {Estimating hospital deaths due to medical errors: preventability is in the eye of the reviewer},
  author      = {R A Hayward and T P Hofer},
  year        = {2001},
  month       = {7},
  journal     = {JAMA},
  volume      = {286},
  number      = {4},
  pages       = {415-20},
  eprint      = {11466119},
  issn        = {0098-7484},
}

@Article{hoffmann2017clinicians,
  title       = {Clinicians' Expectations of the Benefits and Harms of Treatments, Screening, and Tests: A Systematic Review},
  author      = {Tammy C Hoffmann and Chris Del Mar},
  year        = {2017},
  month       = {3},
  journal     = {JAMA internal medicine},
  volume      = {177},
  number      = {3},
  pages       = {407-419},
  eprint      = {28097303},
  doi         = {10.1001/jamainternmed.2016.8254},
  issn        = {2168-6114},
}

@Book{Hollnagel-2014-Safety-Management,
  author      = {Erik Hollnagel},
  title       = {Safety-I and Safety-II: The Past and Future of Safety Management},
  year        = {2014},
  publisher   = {Ashgate},
  isbn        = {978-1472423054},
}

@Article{holzmueller2012framework,
  title       = {A framework for encouraging patient engagement in medical decision making},
  author      = {Christine G Holzmueller and Albert W Wu and Peter J Pronovost},
  year        = {2012},
  month       = {12},
  journal     = {Journal of patient safety},
  volume      = {8},
  number      = {4},
  pages       = {161-4},
  eprint      = {22892584},
  doi         = {10.1097/PTS.0b013e318267c56e},
  issn        = {1549-8425},
}

@Article{Hoog-2016-Quality-improvement-large-orgs,
  author      = {Elisabet Höög and Jack Lysholm and Rickard Garvare and Lars Weinehall and Monica Elisabeth Nyström},
  title       = {Quality improvement in large healthcare organizations: Searching for system-wide and coherent monitoring and follow-up strategies},
  journal     = {Journal of Health Organization and Management},
  volume      = {30},
  number      = {1},
  pages       = {133-153},
  year        = {2016},
  doi         = {10.1108/JHOM-10-2013-0209},
  note        = {PMID: 26964854},
  url         = {https://doi.org/10.1108/JHOM-10-2013-0209},
}

@Article{hor2013finding,
  title       = {Finding the patient in patient safety},
  author      = {Su-yin Hor and Natalya Godbold and Aileen Collier and Rick Iedema},
  year        = {2013},
  month       = {11},
  journal     = {Health},
  volume      = {17},
  number      = {6},
  pages       = {567-83},
  eprint      = {23349385},
  doi         = {10.1177/1363459312472082},
  issn        = {1461-7196},
}

@Article{hosie2013delirium,
  title       = {Delirium prevalence, incidence, and implications for screening in specialist palliative care inpatient settings: a systematic review},
  author      = {Annmarie Hosie and Patricia M Davidson and Meera Agar and Christine R Sanderson and Jane Phillips},
  year        = {2013},
  month       = {6},
  journal     = {Palliative medicine},
  volume      = {27},
  number      = {6},
  pages       = {486-98},
  eprint      = {22988044},
  doi         = {10.1177/0269216312457214},
  issn        = {1477-030X},
}

@Article{iezzoni1996apples,
  title       = {100 apples divided by 15 red herrings: a cautionary tale from the mid-19th century on comparing hospital mortality rates},
  author      = {Lisa Iezzoni},
  year        = {1996},
  month       = {6},
  journal     = {Annals of internal medicine},
  volume      = {124},
  number      = {12},
  pages       = {1079-85},
  eprint      = {8633823},
  issn        = {0003-4819},
}

@Article{jackson2009classification,
  title       = {A classification of hospital-acquired diagnoses for use with routine hospital data},
  author      = {Terri Jackson and Jude Michel and Rosemary Roberts and Christine Jorm and John Wakefield},
  year        = {2009},
  month       = {11},
  journal     = {The Medical journal of Australia},
  volume      = {191},
  number      = {10},
  pages       = {544-8},
  eprint      = {19912086},
  issn        = {0025-729X},
}

@Article{jen2009early,
  title       = {Early in-hospital mortality following trainee doctors' first day at work},
  author      = {Min Hua Jen and Alex Bottle and Azeem Majeed and Derek Bell and Paul Aylin},
  year        = {2009},
  month       = {9},
  journal     = {PloS one},
  volume      = {4},
  number      = {9},
  pages       = {e7103},
  eprint      = {19774078},
  doi         = {10.1371/journal.pone.0007103},
  issn        = {1932-6203},
}

@TechReport{Jorm-2017-Clinical-engagement,
  author      = {Christine Jorm},
  year        = {2017},
  title       = {Clinical engagement - scoping paper},
  url         = {https://www2.health.vic.gov.au/about/publications/policiesandguidelines/clinical-engagement-scoping-paper},
  institution = {Victorian Department of Health},
}

@Article{jorm2009should,
  title       = {Should patient safety be more patient centred?},
  author      = {Christine Jorm and Nicola Dunbar and Leena Sudano and Joanne Travaglia},
  year        = {2009},
  month       = {8},
  journal     = {Australian health review : a publication of the Australian Hospital Association},
  volume      = {33},
  number      = {3},
  pages       = {390-9},
  eprint      = {20128754},
  issn        = {0156-5788},
}

@Article{kellogg2017current,
  title       = {Our current approach to root cause analysis: is it contributing to our failure to improve patient safety?},
  author      = {Kathryn Kellogg and Zach Hettinger and Manish Shah and Robert L Wears and Craig R Sellers and Melissa Squires and Rollin J Fairbanks},
  year        = {2017},
  month       = {5},
  journal     = {BMJ quality \& safety},
  volume      = {26},
  number      = {5},
  pages       = {381-387},
  eprint      = {27940638},
  doi         = {10.1136/bmjqs-2016-005991},
  issn        = {2044-5423},
}


@Article{kizer2012double,
  title       = {The double edged sword of performance measurement},
  author      = {Kenneth Kizer and Susan Kirsh},
  year        = {2012},
  month       = {4},
  journal     = {Journal of general internal medicine},
  volume      = {27},
  number      = {4},
  pages       = {395-7},
  eprint      = {22271270},
  doi         = {10.1007/s11606-011-1981-5},
  issn        = {1525-1497},
  eprinttype  = {pubmed},
}

@Article{kreindler2016what,
  title       = {What if implementation is not the problem? Exploring the missing links between knowledge and action},
  author      = {Sara Kreindler},
  year        = {2016},
  month       = {4},
  journal     = {The International journal of health planning and management},
  volume      = {31},
  number      = {2},
  pages       = {208-26},
  eprint      = {25424863},
  doi         = {10.1002/hpm.2277},
  issn        = {1099-1751},
}

@Article{landrigan2010temporal,
  title       = {Temporal trends in rates of patient harm resulting from medical care},
  author      = {Christopher Landrigan and Gareth Parry and Catherine Bones and Andrew Hackbarth and Donald Goldmann and Paul Sharek},
  year        = {2010},
  month       = {11},
  journal     = {The New England journal of medicine},
  volume      = {363},
  number      = {22},
  pages       = {2124-34},
  eprint      = {21105794},
  doi         = {10.1056/NEJMsa1004404},
  issn        = {1533-4406},
}

@Book{Provost-2009-Practical-Approach-to-Improve-Org-Perf,
  author      = {Lloyd Provost and Clifford Norman and Thomas Nolan and Gerald Langley and Kevin Nolan},
  title       = {The Improvement Guide: A Practical Approach to Enhancing Organizational Performance},
  year        = {2009},
  month       = {3},
  publisher   = {Jossey-Blass},
  isbn        = {978-0-470-19241-2},
  edition     = {2},
}

@Misc{Leapfrog-2016-compare-hospitals,
  author      = {{Leapfrog Group}},
  title       = {Compare hospitals},
  url         = {http://www.leapfroggroup.org/compare-hospitals},
  year        = {2017},
}

@Article{lgar2014twelve,
  title       = {Twelve myths about shared decision making},
  author      = {France Légaré and Philippe Thompson-Leduc},
  year        = {2014},
  month       = {9},
  journal     = {Patient education and counseling},
  volume      = {96},
  number      = {3},
  pages       = {281-6},
  eprint      = {25034637},
  doi         = {10.1016/j.pec.2014.06.014},
  issn        = {1873-5134},
}

@Article{leggat2017qualitative,
  title       = {A qualitative study on the implementation of quality systems in Australian hospitals},
  author      = {Sandra Leggat and Cathy Balding},
  year        = {2017},
  month       = {8},
  journal     = {Health services management research},
  volume      = {30},
  number      = {3},
  pages       = {179-186},
  eprint      = {28695775},
  doi         = {10.1177/0951484817715594},
  issn        = {1758-1044},
}

@Article{iezzoni1997risks,
  title       = {The risks of risk adjustment},
  author      = {Lisa Iezzoni},
  year        = {1997},
  month       = {11},
  journal     = {JAMA},
  volume      = {278},
  number      = {19},
  pages       = {1600-7},
  eprint      = {9370507},
  issn        = {0098-7484},
}

@Article{long2013bridges,
  title       = {Bridges, brokers and boundary spanners in collaborative networks: a systematic review},
  author      = {Janet Long and Frances Cunningham and Jeffrey Braithwaite},
  year        = {2013},
  month       = {4},
  journal     = {BMC health services research},
  volume      = {13},
  pages       = {158},
  eprint      = {23631517},
  doi         = {10.1186/1472-6963-13-158},
  issn        = {1472-6963},
}

@Article{mannion2012unintended,
  title       = {Unintended consequences of performance measurement in healthcare: 20 salutary lessons from the English National Health Service},
  author      = {Russell Mannion and Jeffrey Braithwaite},
  year        = {2012},
  month       = {5},
  journal     = {Internal medicine journal},
  volume      = {42},
  number      = {5},
  pages       = {569-74},
  eprint      = {22616961},
  doi         = {10.1111/j.1445-5994.2012.02766.x},
  issn        = {1445-5994},
}

@TechReport{Marx-2001-Patient-safety-primer-for-Health-execs,
  author      = {David Marx},
  title       = {Patient Safety and the ``Just Culture'' A Primer for Health Care Executives},
  date        = {2001-04-17},
  institution = {Columbia University},
  url         = {http://www.chpso.org/sites/main/files/file-attachments/marx_primer.pdf},
}

@Article{Mehlman-2013-Professional-power-and-standard-of-care-in-medicine,
  author      = {Maxwell Mehlman},
  date        = {2013-01-22},
  journal     = {Arizona State Law Journal},
  url         = {https://papers.ssrn.com/sol3/papers.cfm?abstract_id=2205485},
  volume      = {1165},
  title       = {Professional Power and the Standard of Care in Medicine},
  number      = {44},
}

@Article{mery2017evaluating,
  title       = {Evaluating investment in quality improvement capacity building: a systematic review},
  author      = {Gustavo Mery and Mark Dobrow and G Ross Baker and Jennifer Im and Adalsteinn Brown},
  year        = {2017},
  month       = {2},
  journal     = {BMJ open},
  volume      = {7},
  number      = {2},
  pages       = {e012431},
  eprint      = {28219957},
  doi         = {10.1136/bmjopen-2016-012431},
  issn        = {2044-6055},
}

@Article{moppett2016surgical,
  title       = {Surgical caseload and the risk of surgical Never Events in England},
  author      = {Iain Moppett and S Moppett},
  year        = {2016},
  month       = {1},
  journal     = {Anaesthesia},
  volume      = {71},
  number      = {1},
  pages       = {17-30},
  eprint      = {26597516},
  doi         = {10.1111/anae.13290},
  issn        = {1365-2044},
}

@Article{nadeem2013understanding,
  title       = {Understanding the components of quality improvement collaboratives: a systematic literature review},
  author      = {Erum Nadeem and S Serene Olin and Laura Campbell Hill and Kimberly Eaton Hoagwood and Sarah McCue Horwitz},
  year        = {2013},
  month       = {6},
  journal     = {The Milbank quarterly},
  volume      = {91},
  number      = {2},
  pages       = {354-94},
  eprint      = {23758514},
  doi         = {10.1111/milq.12016},
  issn        = {1468-0009},
}

@Book{Nelson-2007-Quality-by-design,
  author      = {Eugene Nelson and Paul Batalden and Marjorie Godfrey},
  title       = {Quality By Design: A Clinical Microsystems Approach},
  date        = {2007},
  month       = {2},
  isbn        = {978-0-7879-7898-3},
  publisher   = {John Wiley \& Sons},
}

@TechReport{NHS-2016-Org-patient-safety-reports-Oct-2015-Mar-2016,
  author      = {NHS},
  title       = {Organisation patient safety incident reports: 1 October 2015 to 31 March 2016},
  date        = {2016-09-28},
  url         = {https://improvement.nhs.uk/resources/organisation-patient-safety-incident-reports-28-september-2016/},
  institution = {UK National Health Service},
}

@Article{nuland1979enigma,
  title       = {The enigma of Semmelweis--an interpretation},
  author      = {Sherwin Nuland},
  year        = {1979},
  month       = {7},
  journal     = {Journal of the history of medicine and allied sciences},
  volume      = {34},
  number      = {3},
  pages       = {255-72},
  eprint      = {383779},
  language    = {eng},
  issn        = {0022-5045},
  eprinttype  = {pubmed},
}

@Article{oregan2013delirium,
  title       = {Delirium: a key challenge for perioperative care},
  author      = {Niamh O'Regan and J Fitzgerald and S Timmons and H O'Connell and D Meagher},
  year        = {2013},
  journal     = {International journal of surgery (London, England)},
  volume      = {11},
  number      = {2},
  pages       = {136-44},
  eprint      = {23277227},
  doi         = {10.1016/j.ijsu.2012.12.015},
  language    = {eng},
  issn        = {1743-9159},
}

@Book{Obenchain-2016-Genius-belabored,
  author      = {Theodore Obenchain},
  date        = {2016-09-20},
  title       = {Genius Belabored: Childbed Fever and the Tragic Life of Ignaz Semmelweis},
  publisher   = {University Alabama Press},
  isbn        = {978-0-8173-1929-8},
}

@Article{padula2015comparative,
  title       = {Comparative effectiveness of quality improvement interventions for pressure ulcer prevention in academic medical centers in the United States},
  author      = {William Padula and Mary Makic and Manish Mishra and Jonathan Campbell and Kavita Nair and Heidi Wald and Robert Valuck},
  year        = {2015},
  month       = {6},
  journal     = {Joint Commission journal on quality and patient safety},
  volume      = {41},
  number      = {6},
  pages       = {246-56},
  eprint      = {25990890},
  issn        = {1553-7250},
}

@Article{pandit2016deaths,
  title       = {Deaths by horsekick in the Prussian army - and other 'Never Events' in large organisations},
  author      = {Jaideep Pandit},
  year        = {2016},
  month       = {1},
  journal     = {Anaesthesia},
  volume      = {71},
  number      = {1},
  pages       = {7-11},
  eprint      = {26597473},
  doi         = {10.1111/anae.13261},
  issn        = {1365-2044},
  eprinttype  = {pubmed},
}

@Article{pronovost2010sustaining,
  title       = {Sustaining reductions in catheter related bloodstream infections in Michigan intensive care units: observational study},
  author      = {Peter Pronovost and Christine Goeschel and Elizabeth Colantuoni and Sam Watson and Lisa Lubomski and Sean Berenholtz and David Thompson and David Sinopoli and Sara Cosgrove and Bryan Sexton and Jill Marsteller and Robert Hyzy and Robert Welsh and Patricia Posa and Kathy Schumacher and Dale Needham},
  year        = {2010},
  month       = {2},
  journal     = {BMJ (Clinical research ed.)},
  volume      = {340},
  pages       = {c309},
  eprint      = {20133365},
  issn        = {1756-1833},
}

@TechReport{Pronovost-etal-2017-Changing-narratives-for-patient-safety,
  author      = {Peter Pronovost and Kathleen Sutcliffe and Lopa Basu and Mary Dixon-Woods},
  date        = {2017-06-01},
  title       = {Changing the narratives for patient safety},
  institution = {UNU-WIDER, United Nations University},
  number      = {142},
  url         = {https://www.wider.unu.edu/sites/default/files/Publications/Working-paper/PDF/wp2017-142.pdf},
}

@Article{pronovost2017creating,
  title       = {Creating a purpose-driven learning and improving health system: The Johns Hopkins Medicine quality and safety experience},
  author      = {Pronovost, Peter and Mathews, Simon and Chute, Christopher and Rosen, Antony},
  journal     = {Learning Health Systems},
  volume      = {1},
  number      = {1},
  year        = {2017},
}

@TechReport{Duckett-Review-2016-Quality-assurance-in-Vic,
  author      = {Stephen Duckett and Maree Cuddihy and Harvey Newnham},
  date        = {2016-10-01},
  institution = {Victorian Government},
  title       = {Targeting zero: Supporting the Victorian hospital system to eliminate avoidable harm and strengthen quality of care},
  shorttitle  = {Targeting zero},
  note        = {Report of the Review of Hospital Safety and Quality Assurance in Victoria},
  url         = {https://www2.health.vic.gov.au/hospitals-and-health-services/quality-safety-service/hospital-safety-and-quality-review},
}

@Article{Rubin-2017-Patient-empowerment,
  author      = {Joshua Rubin},
  title       = {Patient empowerment and the Learning Health System},
  date        = {2017-06-09},
  journal     = {Learning Health Systems},
  volume      = {1},
  number      = {3},
  issn        = {2379-6146},
  url         = {http://dx.doi.org/10.1002/lrh2.10030},
  doi         = {10.1002/lrh2.10030},
}

@Article{schang2017complementary,
  title       = {Complementary logics of target-setting: hierarchist and experimentalist governance in the Scottish National Health Service},
  author      = {Laura Schang and Alec Morton},
  year        = {2017},
  month       = {1},
  journal     = {Health economics, policy, and law},
  volume      = {12},
  number      = {1},
  pages       = {21-41},
  eprint      = {27322065},
  doi         = {10.1017/S1744133116000232},
  issn        = {1744-134X},
}


@Article{schiffinger2016two,
  author      = {Michael Schiffinger and Markus Latzke and Johannes Steyrer},
  title       = {Two sides of the safety coin?: How patient engagement and safety climate jointly affect error occurrence in hospital units},
  year        = {2016},
  pages       = {356--367},
  journal     = {Health Care Manage Rev},
  volume      = {41},
  number      = {4},
}

@Article{schouten2008evidence,
  title       = {Evidence for the impact of quality improvement collaboratives: systematic review},
  author      = {Schouten, Loes and Hulscher, Marlies and van Everdingen, Jannes and Huijsman, Robbert and Grol, Richard},
  journal     = {BMJ},
  volume      = {336},
  number      = {7659},
  pages       = {1491--1494},
  year        = {2008},
}

@Article{scott2009measurement,
  title       = {Measurement for improvement: getting one to follow the other},
  author      = {Scott, I and Phelps, G},
  journal     = {Internal medicine journal},
  volume      = {39},
  number      = {6},
  doi         = {10.1111/j.1445-5994.2009.01966.x},
  month       = {6},
  pages       = {347--351},
  year        = {2009},
}

@Article{Shojania541-Temporal-trends-in-patient-safety-Netherlands,
  author      = {Kaveh Shojania and Perla Marang-van de Mheen},
  title       = {Temporal trends in patient safety in the Netherlands: reductions in preventable adverse events or the end of adverse events as a useful metric?},
  volume      = {24},
  number      = {9},
  pages       = {541--544},
  year        = {2015},
  month       = {7},
  doi         = {10.1136/bmjqs-2015-004461},
  issn        = {2044-5415},
  url         = {http://qualitysafety.bmj.com/content/24/9/541},
  eprint      = {http://qualitysafety.bmj.com/content/24/9/541.full.pdf},
  journal     = {BMJ Quality \& Safety},
}

@Article{smith2005origin,
  title       = {Origin and uses of primum non nocere--above all, do no harm!},
  author      = {Cedric Smith},
  year        = {2005},
  month       = {4},
  journal     = {Journal of clinical pharmacology},
  volume      = {45},
  number      = {4},
  pages       = {371-7},
  doi         = {10.1177/0091270004273680},
  issn        = {0091-2700},
}

@Article{stacey2011decision,
  title       = {Decision aids for people facing health treatment or screening decisions},
  author      = {Dawn Stacey and Carol Bennett and Michael Barry and Nananda Col and Karen Eden and Margaret Holmes-Rovner and Hilary Llewellyn-Thomas and Anne Lyddiatt and France L{\a'e}gar{\a'e} and Richard Thomson},
  year        = {2011},
  month       = {10},
  journal     = {The Cochrane database of systematic reviews},
  number      = {10},
  doi         = {10.1002/14651858.CD001431.pub3},
  issn        = {1469-493X},
}

@InCollection{PC-2017-Report-on-Govt-services--Public-hospitals,
  author      = {{Steering Committee for the Review of Government Service Provision}},
  date        = {2017-08-04},
  booktitle   = {Report on Government Services 2017},
  title       = {Public hospitals},
  editor      = {{Productivity Commission}},
  url         = {http://www.pc.gov.au/research/ongoing/report-on-government-services/2017/health/public-hospitals},
}

@Article{stiggelbout2015shared,
  title       = {Shared decision making: Concepts, evidence, and practice},
  author      = {Anne Stiggelbout and Arwen Pieterse and Hanneke de Haes},
  year        = {2015},
  month       = {10},
  journal     = {Patient education and counseling},
  volume      = {98},
  number      = {10},
  pages       = {1172-9},
  eprint      = {26215573},
  doi         = {10.1016/j.pec.2015.06.022},
  issn        = {1873-5134},
}

@TechReport{McKeon-review-2013-Health-medical-research,
  author      = {Simon McKeon and Elizabeth Alexander and Henry Brodaty and Bill Ferris and Ian Frazer and Melissa Little},
  title       = {Strategic Review of Health and Medical Research: Final report},
  date        = {2013-02-01},
  institution = {Department of Health and Ageing},
  note        = {Archive of copy accessed 2014-08-03},
  url         = {https://github.com/HughParsonage/library/blob/master/McKeonReview-2013-Strategic_Review_of_Health_and_Medical_Research_Feb_2013-Final_Report.pdf},
}

@Article{tweddell2017there,
  title       = {Are there negative consequences of public reporting? The hype and the reality},
  author      = {James Tweddell and Jeffrey Jacobs and Erle Austin},
  year        = {2017},
  month       = {4},
  journal     = {The Journal of thoracic and cardiovascular surgery},
  volume      = {153},
  number      = {4},
  pages       = {908-911},
  eprint      = {28359373},
  doi         = {10.1016/j.jtcvs.2017.01.034},
  issn        = {1097-685X},
  eprinttype  = {pubmed},
}

@Book{Vincent-2016-Safer-Healthcare,
  author      = {Charles Vincent and René Amalberti},
  title       = {Safer Healthcare: Strategies for the Real World},
  year        = {2016},
  isbn        = {978-3-319-25559-0},
  url         = {https://www.springer.com/gp/book/9783319255576},
  publisher   = {Springer},
}

@Article{walsh2014undetermined,
  title       = {Undetermined impact of patient decision support interventions on healthcare costs and savings: systematic review},
  author      = {Walsh, Thom and Barr, Paul James and Thompson, Rachel and Ozanne, Elissa and O'Neill, Ciaran and Elwyn, Glyn},
  journal     = {BMJ},
  volume      = {348},
  pages       = {g188},
  year        = {2014},
}

@Article{Weingart-etal-2011-Patient-participation,
  author      = {Weingart, Saul and Zhu, Junya and Chiappetta, Laurel and Stuver, Sherri and Schneider, Eric and Epstein, Arnold and David-Kasdan, Jo Ann and Annas, Catherine and Fowle, Floyd and Weissman, Joel},
  title       = {Hospitalized patients' participation and its impact on quality of care and patient safety},
  journal     = {International Journal for Quality in Health Care},
  volume      = {23},
  number      = {3},
  pages       = {269-277},
  year        = {2011},
  doi         = {10.1093/intqhc/mzr002},
}

@Article{wen2015july,
  title       = {The July effect: an analysis of never events in the nationwide inpatient sample},
  author      = {Timothy Wen and Frank J Attenello and Brian Wu and Alvin Ng and Steven Y Cen and William J Mack},
  year        = {2015},
  month       = {7},
  journal     = {Journal of hospital medicine},
  volume      = {10},
  number      = {7},
  pages       = {432-8},
  eprint      = {25828426},
  doi         = {10.1002/jhm.2352},
  issn        = {1553-5606},
}

@Article{young2011july,
  title       = {``July effect'': impact of the academic year-end changeover on patient outcomes: a systematic review},
  author      = {John Young and Sumant Ranji and Robert Wachter and Connie Lee and Brian Niehaus and Andrew Auerbach},
  year        = {2011},
  month       = {9},
  journal     = {Annals of internal medicine},
  volume      = {155},
  number      = {5},
  pages       = {309-15},
  doi         = {10.7326/0003-4819-155-5-201109060-00354},
  issn        = {1539-3704},
}

@Book{Alemayehu-2017-Stat-topics-in-health-economics,
  author      = {Demissie Alemayehu and Joseph Cappelleri and Birol Emir and Kelly Zou},
  title       = {Statistical Topics in Health Economics and Outcomes Research},
  date        = {2017-11-08},
  isbn        = {9781498781879},
  editor      = {Birol Emir},
  publisher   = {Chapman and Hall},
}

@Book{Mostly-harmless-econometrics-2009,
  author      = {Joshua Angrist and Jörn-Steffen Pischke},
  title       = {Mostly Harmless Econometrics: an empiricist's companion},
  year        = {2009},
  isbn        = {9780691120355},
  publisher   = {Princeton University Press},
}

@TechReport{Ash-etal-2012-Stats-issues-assessing-hospital-perf,
  author      = {Arlene Ash and Stephen Fienberg and Thomas Louis and Sharon-Lise Normand and Thérèse Stukel and Jessica Utts},
  title       = {Statistical issues in assessing hospital performance},
  date        = {2012-01-27},
  url         = {https://www.cms.gov/Medicare/Quality-Initiatives-Patient-Assessment-Instruments/HospitalQualityInits/Downloads/Statistical-Issues-in-Assessing-Hospital-Performance.pdf},
  institution = {Committee of Presidents of Statistical Societies},
}


@TechReport{ABS-SEIFA-2011,
  author      = {{ABS}},
  title       = {Socio-Economic Indexes for Areas (SEIFA), Australia, 2011},
  date        = {2013-03-28},
  institution = {Australian Bureau of Statistics},
  note        = {Cat. 2033.0.55.001},
  url         = {http://www.abs.gov.au/ausstats/abs@.nsf/mf/2033.0.55.001},
}

@Article{toson2016version,
  title       = {New ICD-10 version of the Multipurpose Australian Comorbidity Scoring System outperformed Charlson and Elixhauser comorbidities in an older population},
  author      = {Barbara Toson and Lara Harvey and Jacqueline Close},
  year        = {2016},
  month       = {11},
  journal     = {Journal of clinical epidemiology},
  volume      = {79},
  pages       = {62-69},
  doi         = {10.1016/j.jclinepi.2016.04.004},
  issn        = {1878-5921},
}

@Article{michel2009using,
  title       = {Using ICD-10-AM codes to characterise hospital-acquired complications},
  author      = {Jude Michel and Hong Don Nghiem and Terri Jackson},
  year        = {2009},
  journal     = {The HIM journal},
  volume      = {38},
  number      = {3},
  pages       = {18-25},
  issn        = {1833-3575},
}

@Article{Wears-2016-our-basic-premises-hidden-assumptions,
  author      = {Robert Wears},
  date        = {2016-04-14},
  title       = {Why do we love to hate ourselves?},
  url         = {http://qualitysafety.bmj.com/content/early/2016/03/15/bmjqs-2016-005267.responses#why-do-we-love-to-hate-ourselves},
  journal     = {BMJ Quality \& Safety},
  note        = {Comment on `Premature closure? Not so fast'},
}

@TechReport{ACSQHC-2017-Hospital-acquired-complications,
  author      = {ACSQHC},
  title       = {Hospital-acquired complications},
  year        = {2017},
  url         = {https://www.safetyandquality.gov.au/our-work/indicators/hospital-acquired-complications/},
  institution = {Australian Commission on Safety and Quality of Hospital Care},
}

@TechReport{ACSQHC-2016-Hospital-acquired-complications-v1.1,
  author      = {ACSQHC},
  title       = {Hospital-acquired complications},
  year        = {2016},
  month       = {8},
  version     = {1.1},
  institution = {Australian Commission on Safety and Quality of Hospital Care},
  note        = {Originally available at \url{https://safetyandquality.gov.au/wp-content/uploads/2016/08/Hospital-acquired-complications-specifications-V1.1-Oct-2016.xlsx}},
}

@TechReport{ACSQHC-2008-Charter-Healthcare-rights,
  author      = {ACSQHC},
  title       = {Australian Charter of Healthcare Rights},
  date        = {2008-10-01},
  institution = {Australian Commission on Safety and Quality of Hospital Care},
  url         = {https://www.safetyandquality.gov.au/national-priorities/charter-of-healthcare-rights/},
}

@Article{holman2005multipurpose,
  title       = {A multipurpose comorbidity scoring system performed better than the Charlson index},
  author      = {D'Arcy Holman and David Preen and Natalya Baynham and Judith Finn and James Semmens},
  year        = {2005},
  month       = {10},
  journal     = {Journal of clinical epidemiology},
  volume      = {58},
  number      = {10},
  pages       = {1006-14},
  eprint      = {16168346},
  doi         = {10.1016/j.jclinepi.2005.01.020},
  issn        = {0895-4356},
}

@TechReport{Kobel-Theurl-2013-Hospital-specialisation-Austria,
  author      = {Conrad Kobel and Engelbert Theurl},
  title       = {Hospital specialisation within a DRG-Framework: The Austrian case},
  url         = {https://eeecon.uibk.ac.at/wopec2/repec/inn/wpaper/2013-06.pdf},
  year        = {2013},
  number      = {06},
  institution = {University of Innsbruck},
}

@TechReport{IHPA-2017-Risk-adj-model-tech-specs,
  author      = {IHPA},
  title       = {Risk adjustment model for Hospital Acquired Complications – Technical Specifications},
  url         = {https://www.ihpa.gov.au/sites/g/files/net636/f/risk_adjustment_model_for_hospital_acquired_complications_-_technical_specifications_v1.0_july_2017_pdf.pdf},
  date        = {2017-07-01},
  institution = {Independent Hospital Pricing Authority},
  version     = {1.0},
}

@Article{krumholz2006standards,
  title       = {Standards for statistical models used for public reporting of health outcomes: an American Heart Association Scientific Statement from the Quality of Care and Outcomes Research Interdisciplinary Writing Group},
  author      = {Harlan Krumholz and Ralph Brindis and John Brush and David Cohen and Andrew Epstein and Karen Furie and George Howard and Eric Peterson and Saif Rathore and Sidney Smith and John Spertus and Yun Wang and Sharon-Lise Normand},
  year        = {2006},
  month       = {1},
  journal     = {Circulation},
  volume      = {113},
  number      = {3},
  pages       = {456-62},
  eprint      = {16365198},
  doi         = {10.1161/CIRCULATIONAHA.105.170769},
  issn        = {1524-4539},
}

@Book{Iezzoni-2012-Risk-Adjustment-for-Measuring-Health-Care-Outcomes,
  author      = {Lisa Iezzoni},
  title       = {Risk Adjustment for Measuring Health Care Outcomes},
  year        = {2012},
  isbn        = {978-1567934373},
  publisher   = {Health Administration Press},
  edition     = {4th},
}

@Book{Marmot-2015-TheHealthGap-Challenge-of-unequal-world,
  author      = {Michael Marmot},
  title       = {The Health Gap: The Challenge of an Unequal World},
  date        = {2015-10-01},
  isbn        = {9781408857991},
  publisher   = {Bloomsbury},
}

@Article{pieper2013state,
  title       = {State of evidence on the relationship between high-volume hospitals and outcomes in surgery: a systematic review of systematic reviews},
  author      = {Dawid Pieper and Tim Mathes and Edmund Neugebauer and Michaela Eikermann},
  year        = {2013},
  month       = {5},
  journal     = {Journal of the American College of Surgeons},
  volume      = {216},
  number      = {5},
  pages       = {1015-1025.e18},
  eprint      = {23528183},
  doi         = {10.1016/j.jamcollsurg.2012.12.049},
  issn        = {1879-1190},
  eprinttype  = {pubmed},
}

@Book{Wooldridge-2010-Econometric-analysis-of-cross-section-and-panel-data,
  author      = {Jeffrey Wooldridge},
  title       = {Econometric Analysis of Cross Section and Panel Data},
  edition     = {2nd},
  isbn        = {9780262232586},
  date        = {2010-09-01},
  publisher   = {MIT Press},
}

@Article{sacks2016impact,
  title       = {Impact of a Risk Calculator on Risk Perception and Surgical Decision Making: A Randomized Trial},
  author      = {Greg Sacks and Aaron Dawes and Susan Ettner and Robert Brook and Craig Fox and Marcia Russell and Clifford Ko and Melinda Maggard-Gibbons},
  year        = {2016},
  month       = {12},
  journal     = {Annals of surgery},
  volume      = {264},
  number      = {6},
  pages       = {889-895},
  doi         = {10.1097/SLA.0000000000001750},
  issn        = {1528-1140},
}

@TechReport{COAG2011-Natl-Health-Agreement,
  author      = {{COAG}},
  title       = {National Health Reform Agreement},
  year        = {2011},
  institution = {Council of Australian Governments},
  url         = {http://www.federalfinancialrelations.gov.au/content/npa/health_reform/national-agreement.pdf},
}

@Article{Duckett-1998-Casemix,
  author      = {Stephen Duckett},
  title       = {Casemix funding for acute hospital inpatient services in Australia},
  journal     = {Medical journal of Australia},
  volume      = {169},
  date        = {1998-10-19},
}

@Misc{Eager-2010-What-is-activity-based-funding,
  author      = {Kathy Eager},
  date        = {2010-03-01},
  title       = {What is activity-based funding?},
  url         = {https://ahsri.uow.edu.au/content/groups/public/@web/@chsd/documents/doc/uow082633.pdf},
}

@Book{Cameron-Trivedi-Microeconometrics-methods,
  author      = {A. Colin Cameron and Pravin K. Trivedi},
  title       = {Microeconometrics: Methods and Applications},
  isbn        = {978-0-511-12581-2},
  year        = {2005},
  url         = {http://www.centroportici.unina.it/centro/Cameron&Trivedi.pdf},
}

@Article{bell_jones_2015-explaining-fixed-effects,
  title       = {Explaining Fixed Effects: Random Effects Modeling of Time-Series Cross-Sectional and Panel Data},
  volume      = {3},
  doi         = {10.1017/psrm.2014.7},
  number      = {1},
  journal     = {Political Science Research and Methods},
  author      = {Bell, Andrew and Jones, Kelvyn},
  year        = {2015},
} 

@TechReport{NBERw11463,
  title       = {Principals as Agents: Subjective Performance Measurement in Education},
  author      = {Brian Jacob and Lars Lefgren},
  institution = {National Bureau of Economic Research},
  number      = {11463},
  year        = {2005},
  month       = {7},
  doi         = {10.3386/w11463},
  url         = {http://www.nber.org/papers/w11463},
}

@Misc{Gawande-2014-Reith-lecture,
  author      = {Atul Gawande},
  title       = {The Reith Lectures 2014: The future of medicine},
  url         = {http://downloads.bbc.co.uk/radio4/open-book/2014_reith_lecture2_wellcome.pdf},
  year        = {2014},
}

@Article{zhang2013patient,
  title       = {Patient safety in hospitals - a Bayesian analysis of unobservable hospital and specialty level risk factors},
  author      = {Xiaohui Zhang and Katharina Hauck and Xueyan Zhao},
  year        = {2013},
  month       = {9},
  journal     = {Health economics},
  volume      = {22},
  number      = {9},
  pages       = {1158-74},
  doi         = {10.1002/hec.2972},
  issn        = {1099-1050},
}

@Article{bhning2008revisiting,
  title       = {Revisiting Youden's index as a useful measure of the misclassification error in meta-analysis of diagnostic studies},
  author      = {Dankmar B{\"o}hning and Walailuck B{\"o}hning and Heinz Holling},
  year        = {2008},
  month       = {12},
  journal     = {Statistical methods in medical research},
  volume      = {17},
  number      = {6},
  pages       = {543-54},
  doi         = {10.1177/0962280207081867},
  issn        = {0962-2802},
}

@Article{youden1950index,
  title       = {Index for rating diagnostic tests},
  author      = {William Youden},
  year        = {1950},
  month       = {1},
  journal     = {Cancer},
  volume      = {3},
  number      = {1},
  pages       = {32-5},
  issn        = {0008-543X},
}

@InProceedings{Carey-2017-SPHERE,
  author      = {Karen Carey},
  title       = {Speech},
  booktitle   = {SPHERE 2017 International Symposium},
  date        = {2017-11-23},
}

@Article{jha2017public,
  title       = {Public Reporting of Surgical Outcomes: Surgeons, Hospitals, or Both?},
  author      = {Ashish Jha},
  year        = {2017},
  month       = {10},
  journal     = {JAMA},
  volume      = {318},
  number      = {15},
  pages       = {1429-1430},
  eprint      = {28973291},
  doi         = {10.1001/jama.2017.13815},
  issn        = {1538-3598},
  eprinttype  = {pubmed},
}

@TechReport{NHS-Atlas-series,
  author      = {NHS},
  institution = {National Health Service},
  title       = {NHS Atlas series},
  year        = {2017},
  url         = {https://www.england.nhs.uk/rightcare/products/atlas/},
}

@TechReport{ADHA-2017-Aust-Natl-Digital-Health-Strategy,
  author      = {ADHA},
  title       = {Australia's National Digital Health Strategy},
  date        = {2017-08-07},
  institution = {Australian Digitial Health Agency},
  url         = {https://www.digitalhealth.gov.au/australias-national-digital-health-strategy},
}

@Misc{Hollnagel-et-al-2015-From-Safety1-to-2,
  author      = {Erik Hollnagel and Robert Wears and Jeffrey Braithwaite},
  title       = {From Safety-I to Safety-II: A White Paper},
  url         = {http://resilienthealthcare.net/onewebmedia/WhitePaperFinal.pdf},
  year        = {2015},
}

@Article{Courts-2011-SMH-Woman-to-sue-after-sponge-left-in-body,
  author      = {Louise Hall Courts},
  title       = {Woman to sue after sponge left in her body},
  date        = {2011-08-01},
  journal     = {Sydney Morning Herald},
  url         = {http://www.smh.com.au/nsw/woman-to-sue-after-sponge-left-in-her-body-20110731-1i6fv.html},
}

